@book{actions2024GoodManWEN,
	title = {GoodManWEN/Programming-Language-Benchmarks-Visualization},
	url = {https://github.com/GoodManWEN/Programming-Language-Benchmarks-Visualization},
	author = {actions-user and GoodManWEN},
	date = {2024-05-20},
	year = {2024},
	month = {5},
	day = {20},
}

@misc{typeguardUserGuide,
	author = {},
	title = {{U}ser guide; {T}ypeguard 4.4.1 documentation},
	howpublished = {\url{https://typeguard.readthedocs.io/en/stable/userguide.html}},
	year = {},
	note = {[Accessed 05-01-2025]},
}

@misc{matplotlibExamplesx2014,
	author = {},
	title = {{E}xamples - {M}atplotlib 3.10.0 documentation},
	howpublished = {\url{https://matplotlib.org/stable/gallery/index.html}},
	year = {},
	note = {[Accessed 06-01-2025]},
}